% Use this file for citations not found in the ACL Anthology (contained in "anthology.bib").

@article{higashiyama-2022-wordseg,
  author = {Shohei Higashiyama},
  title = {Word Segmentation and Lexical Normalization for Unsegmented Languages},
  publisher = {NAIST Digital Library},
  year = {2022},
  url = {https://library.naist.jp/opac/en/book/102590}
}

@article{ke-etal-2020-unified,
  author = {Zhen Ke and Liang Shi, and Erli Meng and Bin Wang and Xipeng Qiu and Xuanjing Huang},
  title = {Unified Multi-Criteria Chinese Word Segmentation with BERT},
  publisher = {arXiv},
  year = {2020},
  doi = {10.48550/ARXIV.2004.05808},
  url = {https://arxiv.org/abs/2004.05808}
}

@article{yang-etal-2019-bert,
      title={BERT Meets Chinese Word Segmentation}, 
      author={Haiqin Yang},
      year={2019},
      eprint={1909.09292},
      archivePrefix={arXiv},
      primaryClass={cs.CL}
}

@inproceedings{Bahdanau2015,
    author = {Bahdanau, Dzmitry and Cho, Kyung Hyun and Bengio, Yoshua},
    title = {Neural machine translation by jointly learning to align and translate},
    booktitle = {In Proceedings of the 3rd International Conference on Learning Representations},
    url = {https://arxiv.org/abs/1409.0473},
    year = {2015}
}

@article{Vaswani2017,
    author = {Vaswani, Ashish and Shazeer, Noam and Parmar, Niki and Uszkoreit, Jakob and Jones, Llion and Gomez, Aidan N. and Kaiser, ≈Åukasz and Polosukhin, Illia},
    journal = {In Proceedings of the 31st Conference on Neural Information Processing Systems},
    title = {{Attention is all you need}},
    url = {https://arxiv.org/pdf/1706.03762.pdf},
    year = {2017}
}


@inproceedings{Kingma2015,
    author = {Kingma, Diederik P. and Ba, Jimmy Lei},
    title = {Adam: A method for stochastic optimization},
    booktitle = {In Proceedings of the 3rd International Conference on Learning Representations},
    url = {https://arxiv.org/abs/1412.6980},
    year = {2015}
}


@inproceedings{Zaremba2015,
    author = {Zaremba, Wojciech and Sutskever, Ilya and Vinyals, Oriol},
    title = {Recurrent Neural Network Regularization},
    booktitle = {In Proceedings of the 3rd International Conference on Learning Representations},
    url = {http://arxiv.org/abs/1409.2329},
    year = {2015}
}


@article{Srivastava2014,
    author = {Srivastava, Nitish and Hinton, Geoffrey and Krizhevsky, Alex and Sutskever, Ilya and Ruslan, Salakhutdinov},
    title = {Dropout: A Simple Way to Prevent Neural Networks from Overfitting},
    journal = {Journal of Machine Learning Research},
    pages = {1929--1958},
    url = {http://jmlr.org/papers/v15/srivastava14a.html},
    volume = {15},
    year = {2014}
}


@inproceedings{Lafferty2001,
    author = {Lafferty, John and Mccallum, Andrew and Pereira, Fernando},
    title = {Conditional Random Fields : Probabilistic Models for Segmenting and Labeling Sequence Data},
    booktitle = {Proceedings of the Eighteenth International Conference on Machine Learning},
    pages = {282--289},
    url = {https://dl.acm.org/doi/10.5555/645530.655813},
    year = {2001}
}


@misc{pythainlp,
    author = {Phatthiyaphaibun, Wannaphong and Chaovavanich, Korakot and Polpanumas, Charin and Suriyawongkul, Arthit and Lowphansirikul, Lalita and Chormai, Pattarawat},
    title = {PyThaiNLP: Thai Natural Language Processing in Python},
    year = 2016,
    url = {http://doi.org/10.5281/zenodo.3519354}
}

@article{Bengio2003,
    author = {Bengio, Yoshua and Ducharme, R{\'{e}}jean and Vincent, Pascal},
    title = {A Neural Probabilistic Language Model},
    journal = {Journal of Machine Learning Research},
    pages = {1137--1155},
    url = {https://dl.acm.org/doi/10.5555/944919.944966},
    volume = {3},
    year = {2003}
}


@article{Collobert2011,
    author = {Collobert, Ronan and Weston, Jason and Bottou, L{\'{e}}on and Karlen, Michael and Kavukcuoglu, Koray and Kuksa, Pavel},
    title = {Natural Language Processing (almost) from Scratch},
    journal = {Journal of Machine Learning Research},
    pages = {2493--2537},
    url = {https://arxiv.org/abs/1103.0398},
    volume = {12},
    year = {2011}
}


@inproceedings{Limcharoen2009,
    author = {Limcharoen, Piya and Nattee, Cholwich and Theeramunkong, Thanaruk},
    title = {Thai Word Segmentation based-on GLR Parsing Technique and Word N-gram Model},
    booktitle = {In Proceedings of the 8th International Symposium on Natural Language Processing},
    year = {2009}
}


@inproceedings{Luong2015,
    author = {Luong, Thang and Pham, Hieu and Manning, Christopher D.},
    title = {Effective Approaches to Attention-based Neural Machine Translation},
    booktitle = {Proceedings of the 2015 Conference on Empirical Methods in Natural Language Processing},
    pages = {1412--1421},
    url = {https://www.aclweb.org/anthology/D15-1166/},
    year = {2015}
}


@article{Hochreiter1997,
    author = {Hochreiter, Sepp and Schmidhuber, J\"{u}rgen},
    title = {Long Short-Term Memory},
    journal = {Neural Computation},
    number = {8},
    pages = {1735--1780},
    volume = {9},
    url = {https://dl.acm.org/doi/10.1162/neco.1997.9.8.1735},
    year = {1997}
}


@article{Gers2000,
    author = {Gers, Felix and Schmidhuber, J\"{u}rgen and Cummins, Fred},
    title = {Learning to Forget: Continual Prediction with LSTM},
    journal = {Neural Computation},
    number = {10},
    pages = {2451--2471},
    url = {https://doi.org/10.1162/089976600300015015},
    volume = {12},
    year = {2000}
}


@article{Xue2003,
author = {Xue, Nianwen},
title = {Chinese Word Segmentation as Character Tagging},
journal = {Computational Linguistics and Chinese Language Processing},
number = {1},
pages = {29--48},
url = {https://www.aclweb.org/anthology/O03-4002/},
volume = {8},
year = {2003}
}


@inproceedings{Kudo2018spm,
    author = {Kudo, Taku and Richardson, John},
    title = {SentencePiece: A Simple and Language Independent Subword Tokenizer and Detokenizer for Neural Text Processing},
    booktitle = {Proceedings of the 2018 Conference on Empirical Methods in Natural Language Processing: System Demonstrations},
    pages = {66--71},
    url = {https://arxiv.org/abs/1808.06226},
    year = {2018}
}


@inproceedings{Sennrich2016,
    author = {Sennrich, Rico and Haddow, Barry and Birch, Alexandra},
    title = {Neural Machine Translation of Rare Words with Subword Units},
    booktitle = {Proceedings of the 54th Annual Meeting of the Association for Computational Linguistics},
    pages = {1715--1725},
    url = {https://www.aclweb.org/anthology/P16-1162/},
    year = {2016}
}


@inproceedings{Kudo2018sw,
    author = {Kudo, Taku},
    title = {Subword Regularization : Improving Neural Network Translation Models},
    booktitle = {Proceedings of the Annual Meeting of the Association for Computational Linguistics},
    pages = {66--75},
    url = {https://www.aclweb.org/anthology/P18-1007/},
    year = {2018}
}


@inproceedings{Koehn2004,
    author = {Koehn, Philipp},
    title = {Statistical significance tests for machine translation evaluation},
    booktitle = {Proceedings of the Conference on Empirical Methods in Natural Language Processing},
    pages = {388--395},
    volume = {4},
    url = {https://www.aclweb.org/anthology/W04-3250/},
    year = {2004}
}


@inproceedings{Wang2017,
    author = {Wang, Chunqi and Xu, Bo},
    title = {Convolutional Neural Network with Word Embeddings for Chinese Word Segmentation},
    booktitle = {Proceedings of the The 8th International Joint Conference on Natural Language Processing},
    pages = {163--172},
    url = {https://www.aclweb.org/anthology/I17-1017/},
    year = {2017}
}


@inproceedings{Sornlertlamvanich2000,
    author = {Sornlertlamvanich, Virach and Potipiti, Tanapong and Charoenporn, Thatsanee},
    title = {Automatic Corpus-based Thai Word Extraction with the C4.5 Learning Algorithm},
    booktitle = {Proceedings of the 18th Conference on Computational Linguistics},
    keywords = {C4.5 Algorithm,Corpus-based Thai Language Processing,Word Extraction},
    pages = {802--807},
    url = {https://www.aclweb.org/anthology/C00-2116/},
    year = {2000}
}

@inproceedings{Kawtrakul1997,
    author = {Kawtrakul, Asanee and Thumkanon, Chalatip},
    title = {A Statistical approach to Thai Morphological Analyzer},
    booktitle = {Proceedings of of the 5th Workshop on Very Large Corpora},
    pages = {289--296},
    url = {https://www.aclweb.org/anthology/W97-0126/},
    year = {1997}
}

@inproceedings{Theeramunkong2001,
    author = {Theeramunkong, Thanaruk and Usanavasin, Sasipron},
    title = {Non-Dictionary-Based Thai Word Segmentation Using Decision Trees},
    booktitle = {Proceedings of the 1st International Conference on Human Language Technology Research},
    pages = {251--256},
    url = {https://www.aclweb.org/anthology/H01-1057/},
    year = {2001}
}


@inproceedings{Haruechaiyasak2008,
    author = {Haruechaiyasak, Choochart and Kongyoung, Sarawoot and Dailey, Matthew},
    title = {A Comparative Study on Thai Word Segmentation Approaches},
    booktitle = {Proceedings of the 5th International Conference on Electrical Engineering/Electronics, Computer, Telecommunications and Information Technology},
    pages = {125--128},
    url = {https://ieeexplore.ieee.org/document/4600388},
    year = {2008}
}


@misc{Jousimo2017,
    author = {Jousimo, Jussi and Laokulrat, Natsuda and Carr, Ben and Thongthanomkul, Ekkalak and Satayamas, Vee},
    title = {Thai Word Segmentation with Bi-directional RNN},
    url = {https://github.com/sertiscorp/thai-word-segmentation},
    year = {2017}
}

@misc{Chormai2019,
    author = {Chormai, Pattarawat and Prasertsom, Ponrawee and {T. Rutherford}, Attapol},
    title = {AttaCut : A Fast and Accurate Neural Thai Word Segmenter},
    url = {https://arxiv.org/abs/1911.07056},
    year = {2019}
}


@article{Shao2018,
    author = {Shao, Yan and Hardmeier, Christian and Nivre, Joakim},
    title = {Universal Word Segmentation: Implementation and Interpretation},
    journal = {Transactions of the Association for Computational Linguistics},
    doi = {10.1162/tacl_a_00033},
    eprint = {1807.02974},
    issn = {2307-387X},
    number = {2002},
    pages = {421--435},
    url = {https://arxiv.org/abs/1807.02974},
    volume = {6},
    year = {2018}
}


@inproceedings{Park2018,
    author = {Park, Sungjoon and Byun, Jeongmin and Baek, Sion and Cho, Yongseok and Oh, Alice},
    title = {Subword-level Word Vector Representations for Korean},
    booktitle = {Proceedings of the 56th Annual Meeting of the Association for Computational Linguistics},
    pages = {2429--2438},
    url = {https://www.aclweb.org/anthology/P18-1226/},
    volume = {1},
    year = {2018}
}


@inproceedings{Haruechaiyasak2009,
    author = {Haruechaiyasak, Choochart and Kongyoung, Sarawoot},
    title = {TLex: Thai Lexeme Analyser Based on the Conditional Random Fields},
    booktitle = {Proceedings of International Joint Symposium on Artificial Intelligence and Natural Language Processing 2009},
    pages = {13--17},
    year = {2009}
}


@inproceedings{Theeramunkong2000,
    title = {Character Cluster based Thai Information Retrieval},
    author = {Theeramunkong, Thanaruk and Sornlertlamvanich, Virach and Tanhermhong, Thanasan and Chinnan, Wirat},
    booktitle = {Proceedings of the Fifth International Workshop on Information Retrieval with Asian Languages},
    pages = {75--80},
    url = {https://dl.acm.org/doi/10.1145/355214.355225},
    year = {2000}
}

@inproceedings{Kruengkrai2006,
    author = {Kruengkrai, Canasai and Sornlertlamvanich, Virach and Isahara, Hitoshi},
    title = {A Conditional Random Field Framework for Thai Morphological Analysis},
    booktitle = {Proceedings of the 5th International Conference on Language Resources and Evaluation},
    pages = {2419--2424},
    url = {https://www.aclweb.org/anthology/L06-1069/},
    year = {2006}
}

@inproceedings{Kruengkrai2009,
    author = {Kruengkrai, Canasai and Uchimoto, Kiyotaka and Jun'ichi, Kazama and Torisawa, Kentaro and Isahara, Hitoshi and Jaruskulchai, Chuleerat},
    title = {A Word and Character-Cluster Hybrid Model for Thai Word Segmentation},
    booktitle = {In Proceedings of InterBEST 2009 Thai Word Segmentation},
    year = {2009}
}


@inproceedings{Sutantayawalee2015,
    author = {Sutantayawalee, Vipas and Porkeaw, Peerachet and Supnithi, Thepchai and Boonkwan, Prachya and Phaholphinyo, Sitthaa},
    title = {Character-Cluster-Based Segmentation using Monolingual and Bilingual Information for Statistical Machine Translation},
    booktitle = {Proceedings of the 5th Workshop on South and Southeast Asian Natural Language Processing},
    pages = {94--101},
    url = {https://www.aclweb.org/anthology/W14-5513},
    year = {2014}
}


@misc{Treeratpituk2017,
    author = {Treeratpituk, Pucktada},
    title = {Thai Word-Segmentation with LSTM in Tensorflow},
    url = {https://github.com/pucktada/cutkum},
    year = {2017}
}

@inproceedings{Lapjaturapit2018,
    author = {Lapjaturapit, Theerapat and Viriyayudhakom, Kobkrit and Theeramunkong, Thanaruk},
    title = {Multi-Candidate Word Segmentation using Bi-directional LSTM Neural Networks},
    booktitle = {Proceedings of 2018 International Conference on Embedded Systems and Intelligent Technology and International Conference on Information and Communication Technology for Embedded Systems},
    pages = {30--35},
    url = {https://ieeexplore.ieee.org/document/8442053},
    year = {2018}
}


@misc{Kittinaradorn2019,
    author = {Kittinaradorn, Rakpong and Achakulvisut, Titipat and Chaovavanich, Korakot and Srithaworn, Kittinan and Chormai, Pattarawat and Kaewkasi, Chanwit and Ruangrong, Tulakan and Oparad, Krichkorn},
    title = {DeepCut: A Thai word tokenization library using Deep Neural Network},
    url = {http://doi.org/10.5281/zenodo.3457707},
    year = {2019}
}

@article{Theeramunkong2004,
    author = {Theeramunkong, Thanaruk and Tanhermhong, Thanasan},
    title = {Pattern-based Features vs. Statistical-based Features in Decision Trees for Word Segmentation},
    journal = {IEICE Transactions on Information and Systems},
    number = {5},
    pages = {1254--1260},
    volume = {E87-D},
    year = {2004}
}

@article{Nararatwong2018,
    author = {Nararatwong, Rungsiman and Kertkeidkachorn, Natthawut and Cooharojananone, Nagul and Okada, Hitoshi},
    title = {Improving Thai word and sentence segmentation using linguistic knowledge},
    journal = {IEICE Transactions on Information and Systems},
    number = {12},
    pages = {3218--3225},
    volume = {E101D},
    year = {2018}
}


@book{Aho:72,
    author  = {Alfred V. Aho and Jeffrey D. Ullman},
    title   = {The Theory of Parsing, Translation and Compiling},
    year    = "1972",
    volume  = "1",
    publisher = {Prentice-Hall},
    address = {Englewood Cliffs, NJ}
}

@book{APA:83,
    author  = {{American Psychological Association}},
    title   = {Publications Manual},
    year    = "1983",
    publisher = {American Psychological Association},
    address = {Washington, DC}
}

@article{Chandra:81,
	author = {Ashok K. Chandra and Dexter C. Kozen and Larry J. Stockmeyer},
	year = "1981",
	title = {Alternation},
	journal = {Journal of the Association for Computing Machinery},
	volume = "28",
	number = "1",
	pages = "114--133",
	doi = "10.1145/322234.322243",
}

@inproceedings{andrew2007scalable,
  title={Scalable training of {L1}-regularized log-linear models},
  author={Andrew, Galen and Gao, Jianfeng},
  booktitle={Proceedings of the 24th International Conference on Machine Learning},
  pages={33--40},
  year={2007},
}

@book{Gusfield:97,
    author  = {Dan Gusfield},
    title   = {Algorithms on Strings, Trees and Sequences},
    year    = "1997",
    publisher = {Cambridge University Press},
    address = {Cambridge, UK}
}

@article{rasooli-tetrault-2015,
    author    = {Mohammad Sadegh Rasooli and Joel R. Tetreault},
    title     = {Yara Parser: {A} Fast and Accurate Dependency Parser},
    journal   = {Computing Research Repository},
    volume    = {arXiv:1503.06733},
    year      = {2015},
    url       = {http://arxiv.org/abs/1503.06733},
    note    = {version 2}
}

@article{Ando2005,
	Acmid = {1194905},
	Author = {Ando, Rie Kubota and Zhang, Tong},
	Issn = {1532-4435},
	Issue_Date = {12/1/2005},
	Journal = {Journal of Machine Learning Research},
	Month = dec,
	Numpages = {37},
	Pages = {1817--1853},
	Publisher = {JMLR.org},
	Title = {A Framework for Learning Predictive Structures from Multiple Tasks and Unlabeled Data},
	Volume = {6},
	Year = {2005}
}
